<record><leader>00000cas a22000007a 4500</leader><controlfield tag="001">12330023</controlfield><controlfield tag="008">850731d19581959wiuwr ne      0    0eng d</controlfield><datafield ind1=" " ind2=" " tag="010"><subfield code="a">sn 85041079 </subfield></datafield><datafield ind1=" " ind2=" " tag="040"><subfield code="a">NPV</subfield><subfield code="b">eng</subfield><subfield code="c">NPV</subfield><subfield code="d">OCLCQ</subfield></datafield><datafield ind1=" " ind2=" " tag="042"><subfield code="a">msc</subfield></datafield><datafield ind1=" " ind2=" " tag="045"><subfield code="a">x5x5</subfield></datafield><datafield ind1=" " ind2=" " tag="052"><subfield code="a">4123</subfield><subfield code="b">D3</subfield></datafield><datafield ind1="0" ind2="4" tag="245"><subfield code="a">The Suburbanite reporter.</subfield></datafield><datafield ind1=" " ind2=" " tag="260"><subfield code="a">Madison, Wis. :</subfield><subfield code="b">Monona Grove Printing,</subfield><subfield code="c">1958-1959.</subfield></datafield><datafield ind1=" " ind2=" " tag="300"><subfield code="a">8 v. :</subfield><subfield code="b">ill.</subfield></datafield><datafield ind1=" " ind2=" " tag="310"><subfield code="a">Weekly</subfield></datafield><datafield ind1="0" ind2=" " tag="362"><subfield code="a">Vol. 6, no. 12 (Dec. 18, 1958)-v. 8, no. 13 (Sept. 30, 1959) ; v. 3, no. 14 (Oct. 8, 1959)-v. 3, no. 25 (Dec. 24, 1959).</subfield></datafield><datafield ind1=" " ind2=" " tag="500"><subfield code="a">Editor: B. Halverson.</subfield></datafield><datafield ind1=" " ind2=" " tag="530"><subfield code="a">Available on microfilm from The State Historical Society of Wisconsin.</subfield></datafield><datafield ind1=" " ind2=" " tag="752"><subfield code="a">United States</subfield><subfield code="b">Wisconsin</subfield><subfield code="c">Dane</subfield><subfield code="d">Monona.</subfield></datafield><datafield ind1=" " ind2=" " tag="752"><subfield code="a">United States</subfield><subfield code="b">Wisconsin</subfield><subfield code="c">Dane</subfield><subfield code="d">Madison.</subfield></datafield><datafield ind1="0" ind2="4" tag="780"><subfield code="t">Monona Grove suburbanite</subfield><subfield code="w">(DLC)sn 85041078</subfield></datafield><datafield ind1="0" ind2="4" tag="780"><subfield code="t">Reporter (Monona, Wis.)</subfield><subfield code="w">(DLC)sn 85041076</subfield></datafield><datafield ind1="1" ind2=" " tag="029"><subfield code="a">AU@</subfield><subfield code="b">000025809680</subfield></datafield></record>